@article{miglioli1994improved,
  title={An improved refutation system for intuitionistic predicate logic},
  author={Miglioli, Pierangelo and Moscato, Ugo and Ornaghi, Mario},
  journal={Journal of Automated Reasoning},
  volume={13},
  number={3},
  pages={361--373},
  year={1994},
  publisher={Springer}
}

@article{ferrari2009tableau,
  title={A tableau calculus for propositional intuitionistic logic with a refined treatment of nested implications},
  author={Ferrari, Mauro and Fiorentini, Camillo and Fiorino, Guido},
  journal={Journal of Applied Non-Classical Logics},
  volume={19},
  number={2},
  pages={149--166},
  year={2009},
  publisher={Taylor \& Francis}
}
